@inproceedings{costa2010fast,
  title={Fast neighborhood subgraph pairwise distance kernel},
  author={Costa, Fabrizio and Grave, Kurt De},
  booktitle={Proceedings of the 27th International Conference on International Conference on Machine Learning},
  pages={255--262},
  year={2010},
  organization={Omnipress}
}


@ARTICLE{costa16gl,                                                               
    title    = "Learning an efficient constructive sampler for graphs",           
  author   = "Costa, Fabrizio",                                                 
  journal  = "Artif. Intell.",                                                  
  year =         "2016",                                                        
  keywords = "Graph construction; Graph sampling; Graph kernels; Metropolis     
  Hastings sampling"                                                
  } 
  
 
@ARTICLE{weisfeiler,
    title    = "Weisfeiler-Lehman Graph Kernels",           
  author   = "Nino Shervashidze, Pascal Schweitzer, Erik Jan van Leeuwen, Kurt Mehlhorn, Karsten M. Borgwardt",                         
  journal  = "The Journal of Machine Learning Research archive ",                  
  volume={12},
  pages={2539-2561 },                
  year = "2011", 
keywords = "graph kernels, graph classification, similarity measures for graphs, Weisfeiler-Lehman algorithm"}

 
@ARTICLE{kernelhist,
    title    = "The journey of graph kernels through two decades.",           
  author   = "S. Ghosh , N. Das , T. Goncalves , P. Quaresma, M. Kundu",
  journal  = "Computer Science Review",                  
  volume={27},
  pages={88-111 },                
  year = "2018"}

@ARTICLE{nngraphsample,
title    = "GraphGAN: Graph Representation Learning with Generative Adversarial Nets",           
author   = "Wang, Hongwei  Wang, Jia  Wang, Jialin  Zhao, Miao  Zhang, Weinan  Zhang, Fuzheng  Xie, Xing  Guo, Minyi",
journal  = " AAAI Conference on Artificial Intelligence",                  
volume={32},
pages={},                
year = "2018"} 

@ARTICLE{molgan,
  title={MolGAN: An implicit generative model for small molecular graphs},
  author={De Cao, Nicola and Kipf, Thomas},
  journal={ICML 2018 workshop on Theoretical Foundations and Applications of Deep Generative Models},
  year={2018}
}

@ARTICLE{drgen2018,
title    = "Multi-objective de novo drug design with conditional graph generative model" ,           
author   = "Yibo Li, Liangren Zhang, Zhenming Liu",
journal  = "Journal of Cheminformatics",
volume={10},
pages={33},                
year = "2018"} 


@ARTICLE{you2018,
   author = {{You}, J. and {Liu}, B. and {Ying}, R. and {Pande}, V. and {Leskovec}, J.
	},
    title = "{Graph Convolutional Policy Network for Goal-Directed Molecular Graph Generation}",
  journal = {ArXiv e-prints},
archivePrefix = "arXiv",
   eprint = {1806.02473},
 keywords = {Computer Science - Machine Learning, Computer Science - Artificial Intelligence, Statistics - Machine Learning},
     year = 2018,
    month = jun,
   adsurl = {http://adsabs.harvard.edu/abs/2018arXiv180602473Y},
  adsnote = {Provided by the SAO/NASA Astrophysics Data System}
}


@ARTICLE{noam,
title    = "Formal properties of grammar",           
author   = "Chomsky, N ",
journal  = "E. Handbook of Mathematical Psychology",                  
volume={},
pages={360-363},                
year = "1963"} 

@ARTICLE{gintro2018,
title    = "Graphs in machine learning: an introduction",           
author   = "Pierre Latouche, Fabrice Rossi",
journal  = "Proceedings of the 23-th European Symposium on Artificial Neural Networks",                  
volume={},
pages={207-218},                
year = "2015"} 


@article{scikit-learn,
 title={Scikit-learn: Machine Learning in {P}ython},
 author={Pedregosa, F. and Varoquaux, G. and Gramfort, A. and Michel, V.
         and Thirion, B. and Grisel, O. and Blondel, M. and Prettenhofer, P.
         and Weiss, R. and Dubourg, V. and Vanderplas, J. and Passos, A. and
         Cournapeau, D. and Brucher, M. and Perrot, M. and Duchesnay, E.},
 journal={Journal of Machine Learning Research},
 volume={12},
 pages={2825--2830},
 year={2011}
}


@article{parallel,
 title = {GNU Parallel - The Command-Line Power Tool},
 author = {O. Tange},
 address = {Frederiksberg, Denmark},
 journal = {;login: The USENIX Magazine},
 month = {Feb},
 number = {1},
 volume = {36},
 url = {http://www.gnu.org/s/parallel},
 year = {2011},
 pages = {42-47}
}


@ARTICLE{emptyarticle,
title    = "",           
author   = "",
journal  = "",                  
volume={},
pages={},                
year = ""} 

